1746 3070
425 177 507 223 226
636 173 673 217 Ι.
708 169 1223 221 ELEVTERATA.
1267 171 1504 221 Cicindela.

190 298 269 356 fix
285 310 379 354 pun·
425 311 464 350 9.
495 298 540 336 C.
566 294 720 338 xiridsst-
734 306 871 341 aenea,
900 292 1124 341 elya-orum
1143 297 1248 338 disco
1271 299 1517 347 obscuriore,
1545 298 1704 353 puncffis

201 355 330 400 Ham,
541 351 669 389 tribus
705 347 816 388 albis.

162 416 165 420 ’
483 408 646 448 Habitat
666 406 715 445 ad
735 403 873 445 littora
894 404 1142 447 Malebarica.
1201 411 1345 461 Drury.

483 468 636 506 Statura
668 473 707 502 et
744 463 977 511 magnitudo
1011 466 1053 502 C.
1091 468 1326 518 campestris.
1399 472 1527 524 Caput
1565 471 1705 511 viridi.

540 523 697 567 nitens,
728 522 880 559 vertice
905 517 1149 560 obscuriore.
1216 524 1388 563 Thorax
1420 526 1534 580 supra
1559 526 1704 575 fuscus,

543 577 749 626 lateribus,
783 577 907 616 viridi
928 579 1106 630 peetore,
1140 578 1515 622 coeruleo-nitidis.
1572 584 1705 630 Elytra

541 635 731 689 obliqua,
761 633 866 674 disco
891 634 1029 682 susce,
1059 637 1218 688 punetis
1249 637 1376 676 tribus
1404 637 1515 677 albis.
1571 629 1704 682 fAbdo-

540 707 632 734 men
664 702 703 732 et
728 692 846 746 pedes
874 691 1033 732 viridia.

192 786 267 840 fix
292 795 385 842 gut·
430 800 486 826 10.
517 788 561 825 C.
593 783 761 832 viridis,
793 783 940 831 nitida,
972 783 1109 829 elytris
1139 785 1296 838 puneiis
1326 784 1452 825 tribus
1481 787 1704 838 marginali·

202 855 310 886 tata.
542 843 616 883 bus
632 873 656 890 ,Ι
673 841 783 881 albis.

486 901 648 940 Habitat
671 902 713 937 in
737 901 931 948 Virginia.

488 961 645 1010 Corpus
666 956 808 1003 viride,
829 956 1108 996 nitidissimum.
1155 959 1426 998 Antennarum
1445 973 1543 1012 apex
1563 959 1702 1000 fuscus.

542 1015 709 1055 Labium
731 1013 909 1067 superius
930 1015 1089 1054 flavum.
1347 1017 1350 1021 ’

216 1103 396 1147 Θωκνίαν
429 1123 479 1153 11.
509 1109 553 1147 C.
590 1106 895 1153 viridi-aenea,
926 1104 1064 1150 elytris
1094 1104 1446 1169 albidis,12un&is
1472 1106 1537 1146 sex
1565 1108 1703 1148 viridi-

541 1165 637 1211 bus,
674 1164 948 1202 concatenatis
1734 1170 1737 1173 '

485 1222 649 1262 Habitat
674 1223 715 1260 in
737 1221 850 1259 india
873 1219 1072 1259 orientali.
1124 1220 1286 1276 Koenig.
1439 1251 1441 1253 .

485 1283 635 1321 Statura
656 1288 694 1317 et
714 1276 948 1326 magnitudo
969 1279 1013 1316 C.
1035 1279 1290 1327 germanicae.
1322 1280 1451 1331 Caput
1469 1280 1568 1318 mihi
1588 1279 1700 1318 deest.

541 1337 714 1376 Thorax
745 1335 1005 1382 rotundatus,
1036 1334 1248 1381 obscurus,
1285 1334 1418 1374 subtus
1444 1351 1610 1383 aeneis,
1641 1347 1700 1375 to·

541 1404 686 1434 mento·
708 1390 799 1432 albo
833 1393 970 1430 teaus.
1040 1391 1173 1437 Elytra
1199 1390 1352 1440 albida,
1384 1394 1540 1445 pu116‘tis
1575 1394 1700 1432 tribus

540 1452 584 1489 in
607 1450 738 1488 medio
761 1458 797 1487 et
818 1450 944 1487 tribus
965 1447 1016 1488 ad
1034 1448 1232 1496 suturam,
1264 1451 1449 1488 omnibus
1475 1461 1701 1490 concatena-

537 1509 590 1546 tis
613 1515 652 1546 et
680 1507 787 1545 inter
812 1505 849 1543 se
877 1515 914 1544 et
944 1519 1032 1543 cum
1061 1505 1209 1544 sutura.
1281 1507 1488 1545 Abdomen
1516 1522 1699 1556 aeneum,

536 1562 726 1604 lateribus
747 1561 835 1602 lana
852 1561 1053 1602 albissima.
1110 1561 1229 1602 Pedes
1248 1564 1374 1601 aenei.

183 1667 383 1724 margina.
426 1677 479 1704 12.
510 1664 554 1702 C.
583 1661 747 1709 viridis,
777 1659 912 1705 elytris
939 1660 1117 1709 margine
1146 1656 1260 1698 fascia
1287 1657 1432 1698 undata
1460 1660 1700 1714 punffisque

186 1735 246 1767 ta,
539 1718 695 1759 duobus
724 1716 834 1773 albis·

481 1779 647 1817 Habitat
669 1778 711 1815 in
733 1775 928 1825 Virginia.

481 1839 639 1887 Corpus
662 1835 802 1873 statura
822 1836 865 1872 C.
888 1832 1127 1885 campestris,
1147 1830 1289 1871 viride.
1349 1831 1516 1870 Labium
1538 1833 1697 1872 flavum.

536 1896 678 1941 Margo
719 1890 940 1937 elytrorum
970 1888 1103 1936 albus,
1157 1892 1227 1942 qui
1258 1889 1393 1928 dentes
1436 1900 1610 1942 quatuor
1649 1890 1698 1929 ad

537 1949 693 1989 fasciam
715 1948 829 1989 valde
852 1948 1035 1987 undatam
1055 1957 1093 1985 et
1113 1945 1327 1986 flexuosam
1347 1946 1500 1985 exserit.
1549 1948 1696 1986 Funesta

533 2007 660 2047 adhuc
681 2007 760 2046 duo
783 2004 871 2046 alba
894 2005 942 2045 ad
963 2005 1080 2044 bafin.
1125 2034 1127 2036 -

185 2095 369 2137 carolina.
421 2111 469 2144 13.
501 2101 544 2137 C.
576 2098 732 2145 viridis,
763 2097 909 2140 nitida3
941 2095 1162 2142 elytrorum
1186 2094 1376 2147 apicibus,
1402 2107 1488 2142 ore,
1511 2096 1692 2133 antennis

531 2155 775 2208 pedibusque
798 2156 920 2193 flavis.
952 2155 1064 2193 Linn.
1080 2152 1167 2207 Syst.
1189 2153 1289 2191 Nat.
1313 2164 1360 2192 υ.
1383 2155 1469 2200 657.
1493 2155 1528 2191 6.

475 2213 636 2251 Habitat
658 2213 702 2250 in
730 2207 929 2250 Carolina.

191 2303 365 2356 aequino—
417 2315 474 2349 14.
505 2305 548 2341 C.
589 2303 713 2348 flava,
752 2299 887 2345 elytris
918 2298 1041 2339 fasciis
1072 2298 1221 2336 duabus
1253 2299 1398 2347 nigris,
1426 2295 1526 2338 latis.
1574 2300 1691 2342 Linn.

187 2355 327 2400 filulis.
529 2357 616 2414 &st.
636 2360 732 2398 Nat.
760 2371 806 2395 11.
826 2360 903 2404 658.
927 2369 964 2407 7.
1022 2355 1175 2399 Αηιοοη,
1194 2355 1306 2396 acad.
1329 2360 1364 2395 6.
1389 2368 1466 2405 395.
1486 2369 1546 2394 22.

470 2417 630 2455 Habitat
659 2416 869 2454 Sui-inami.

197 2519 346 2547 maura.
412 2519 461 2556 ις.
493 2509 536 2546 C.
569 2509 703 2556 nigra,
735 2503 872 2550 elytris
904 2504 1063 2557 punffls
1094 2501 1157 2542 sex
1189 2500 1312 2550 albis,
1340 2503 1461 2544 tertio
1483 2512 1521 2542 et
1542 2514 1684 2558 quarto

524 2562 725 2617 parallelo.
765 2563 882 2602 Lz‘nn.
902 2558 1108 2617 SystgNat.
1131 2575 1178 2601 11.
1200 2565 1279 2609 658.
1296 2574 1333 2610 9.

462 2629 622 2678 Habitat
645 2631 688 2667 in
711 2628 891 2667 Oriente.

1426 2684 1493 2737 63·
1529 2655 1680 2729 HA.
